<record><leader>00000cas a2200000 a 4500</leader><controlfield tag="001">58796837</controlfield><controlfield tag="007">hd afv---bacp</controlfield><controlfield tag="007">hd bfv---baap</controlfield><controlfield tag="007">hd bfv---babp</controlfield><controlfield tag="008">050404d18801883pauwr nea     0    0eng c</controlfield><datafield ind1=" " ind2=" " tag="010"><subfield code="a">  2005221237</subfield></datafield><datafield ind1=" " ind2=" " tag="040"><subfield code="a">ATL</subfield><subfield code="b">eng</subfield><subfield code="c">ATL</subfield><subfield code="d">OCL</subfield><subfield code="d">ATL</subfield><subfield code="d">OCLCQ</subfield><subfield code="d">OCLCF</subfield><subfield code="d">OCLCO</subfield><subfield code="d">OCLCQ</subfield></datafield><datafield ind1=" " ind2=" " tag="042"><subfield code="a">pcc</subfield></datafield><datafield ind1="1" ind2="4" tag="050"><subfield code="a">BX7801</subfield></datafield><datafield ind1="0" ind2=" " tag="130"><subfield code="a">Primitive Christian (Huntingdon, Pa. : 1880)</subfield></datafield><datafield ind1="1" ind2="4" tag="245"><subfield code="a">The primitive Christian.</subfield></datafield><datafield ind1=" " ind2=" " tag="260"><subfield code="a">Huntingdon, Pa. :</subfield><subfield code="b">Quinter &amp; Brumbaugh Bros.,</subfield><subfield code="c">1880-1883.</subfield></datafield><datafield ind1=" " ind2=" " tag="300"><subfield code="a">4 volumes ;</subfield><subfield code="c">35-49 cm</subfield></datafield><datafield ind1=" " ind2=" " tag="310"><subfield code="a">Weekly</subfield></datafield><datafield ind1=" " ind2=" " tag="336"><subfield code="a">text</subfield><subfield code="b">txt</subfield><subfield code="2">rdacontent</subfield></datafield><datafield ind1=" " ind2=" " tag="337"><subfield code="a">microform</subfield><subfield code="b">h</subfield><subfield code="2">rdamedia</subfield></datafield><datafield ind1=" " ind2=" " tag="338"><subfield code="a">microfilm reel</subfield><subfield code="b">hd</subfield><subfield code="2">rdacarrier</subfield></datafield><datafield ind1="0" ind2=" " tag="362"><subfield code="a">Vol. 18, no. 1 (Jan. 6, 1880)-v. 21, no. 25 (June 19, 1883).</subfield></datafield><datafield ind1=" " ind2=" " tag="500"><subfield code="a">Title from caption.</subfield></datafield><datafield ind1=" " ind2=" " tag="525"><subfield code="a">Has supplements: Young disciple, and: Reporter.</subfield></datafield><datafield ind1=" " ind2=" " tag="580"><subfield code="a">Merged with: Brethren at work (Lanark, Pa.), to form: Gospel messenger (Mount Morris, Ill.).</subfield></datafield><datafield ind1=" " ind2=" " tag="533"><subfield code="a">Microfilm.</subfield><subfield code="m">v.18-21 (1880-1883)</subfield><subfield code="b">Chicago, Ill. :</subfield><subfield code="c">American Theological Library Association,</subfield><subfield code="d">2005.</subfield><subfield code="e">2 microfilm reels ; 35 mm.</subfield><subfield code="f">(ATLA serials preservation program ; ATLA film S1070).</subfield><subfield code="n">Mar. 29, 1881 issue contains supplement: Young disciple, Mar. 26 issue; Aug. 30, 1881, issue contains supplement: Reporter.</subfield></datafield><datafield ind1="2" ind2="0" tag="610"><subfield code="a">German Baptist Brethren (U.S.)</subfield><subfield code="v">Periodicals.</subfield></datafield><datafield ind1=" " ind2="0" tag="650"><subfield code="a">Christianity</subfield><subfield code="v">Periodicals.</subfield></datafield><datafield ind1="2" ind2="7" tag="610"><subfield code="a">German Baptist Brethren (U.S.)</subfield><subfield code="2">fast</subfield><subfield code="0">(OCoLC)fst00655463</subfield></datafield><datafield ind1=" " ind2="7" tag="650"><subfield code="a">Christianity.</subfield><subfield code="2">fast</subfield><subfield code="0">(OCoLC)fst00859599</subfield></datafield><datafield ind1=" " ind2="7" tag="655"><subfield code="a">Periodicals.</subfield><subfield code="2">fast</subfield><subfield code="0">(OCoLC)fst01411641</subfield></datafield><datafield ind1="0" ind2="2" tag="740"><subfield code="a">Young disciple.</subfield></datafield><datafield ind1="0" ind2="2" tag="740"><subfield code="a">Reporter.</subfield></datafield><datafield ind1=" " ind2=" " tag="752"><subfield code="a">United States</subfield><subfield code="b">Pennsylvania</subfield><subfield code="c">Huntingdon</subfield><subfield code="d">Huntingdon.</subfield></datafield><datafield ind1="1" ind2=" " tag="776"><subfield code="c">Original</subfield><subfield code="w">(DLC)sn 86081977</subfield><subfield code="w">(OCoLC)14711913</subfield></datafield><datafield ind1="0" ind2="0" tag="780"><subfield code="t">Primitive Christian and the pilgrim</subfield><subfield code="w">(DLC)  2005221236</subfield><subfield code="w">(OCoLC)58796678</subfield></datafield><datafield ind1="1" ind2="7" tag="785"><subfield code="t">Brethren at work (Lanark, Ill.)</subfield></datafield><datafield ind1="1" ind2="7" tag="785"><subfield code="t">Gospel messenger (Mount Morris, Ill.)</subfield><subfield code="w">(DLC)sn 98016377</subfield><subfield code="w">(OCoLC)6051535</subfield></datafield><datafield ind1=" " ind2="0" tag="830"><subfield code="a">ATLA serials preservation program ;</subfield><subfield code="v">ATLA film S1070.</subfield></datafield><datafield ind1="1" ind2=" " tag="029"><subfield code="a">AU@</subfield><subfield code="b">000026867969</subfield></datafield></record>